<record><leader>00000cas a22000007a 4500</leader><controlfield tag="001">9819367</controlfield><controlfield tag="008">830818c19639999mouwr ne      0   a0eng d</controlfield><datafield ind1=" " ind2=" " tag="010"><subfield code="a">sn 83008629 </subfield></datafield><datafield ind1=" " ind2=" " tag="040"><subfield code="a">NSD</subfield><subfield code="b">eng</subfield><subfield code="c">NSD</subfield><subfield code="d">MQN</subfield><subfield code="d">OCLCQ</subfield></datafield><datafield ind1=" " ind2=" " tag="012"><subfield code="m">1</subfield></datafield><datafield ind1="1" ind2=" " tag="022"><subfield code="a">0746-1712</subfield><subfield code="l">0746-1712</subfield><subfield code="2">1</subfield></datafield><datafield ind1=" " ind2=" " tag="032"><subfield code="a">701510</subfield><subfield code="b">USPS</subfield></datafield><datafield ind1=" " ind2=" " tag="037"><subfield code="b">St. Louis Suburban Newspapers, 113 W. St. Louis, P.O. Box 6, Pacific, MO 63069</subfield></datafield><datafield ind1=" " ind2=" " tag="042"><subfield code="a">nsdp</subfield></datafield><datafield ind1="0" ind2=" " tag="130"><subfield code="a">Tri-county journal (Pacific, Mo.)</subfield></datafield><datafield ind1=" " ind2="0" tag="222"><subfield code="a">Tri-county journal</subfield></datafield><datafield ind1="1" ind2="0" tag="245"><subfield code="a">Tri-county journal.</subfield></datafield><datafield ind1=" " ind2=" " tag="260"><subfield code="a">Eureka-Pacific, Mo. :</subfield><subfield code="b">Tri-County Journal</subfield></datafield><datafield ind1=" " ind2=" " tag="310"><subfield code="a">Weekly</subfield></datafield><datafield ind1="1" ind2=" " tag="362"><subfield code="a">Began in 1963?</subfield></datafield><datafield ind1=" " ind2=" " tag="500"><subfield code="a">Eureka dropped from place of publication on masthead, Aug. 1, 1984.</subfield></datafield><datafield ind1=" " ind2=" " tag="588"><subfield code="a">Description based on: Vol. 7, no. 17 (Apr. 23, 1969).</subfield></datafield><datafield ind1=" " ind2=" " tag="752"><subfield code="a">United States</subfield><subfield code="b">Missouri</subfield><subfield code="c">Saint Louis</subfield><subfield code="d">Pacific.</subfield></datafield><datafield ind1=" " ind2=" " tag="752"><subfield code="a">United States</subfield><subfield code="b">Missouri</subfield><subfield code="c">Saint Louis</subfield><subfield code="d">Eureka.</subfield></datafield><datafield ind1=" " ind2=" " tag="752"><subfield code="a">United States</subfield><subfield code="b">Missouri</subfield><subfield code="c">Jefferson.</subfield></datafield><datafield ind1=" " ind2=" " tag="752"><subfield code="a">United States</subfield><subfield code="b">Missouri</subfield><subfield code="c">Franklin.</subfield></datafield><datafield ind1=" " ind2=" " tag="936"><subfield code="a">Aug. 3, 1983</subfield></datafield></record>